@article{连茂君2018,
  author    = {连茂君 and 支大林 and 许多},
  title     = {我国债券市场结构优化问题研究},
  journal   = {金融研究},
  year      = {2018},
  volume    = {44},
  number    = {1},
  pages     = {1--15},
}

@article{李淑娟2009,
  author    = {李淑娟},
  title     = {中国企业债务融资结构研究},
  journal   = {管理世界},
  year      = {2009},
  volume    = {25},
  number    = {6},
  pages     = {18--27},
}

@book{hirschman1945,
  author    = {Hirschman, Albert O.},
  title     = {National Power and the Structure of Foreign Trade},
  year      = {1945},
  publisher = {University of California Press},
  address   = {Berkeley},
  note      = {Introduced the squared-sum formula to measure concentration in international trade relationships.},
}

@phdthesis{herfindahl1950,
  author    = {Herfindahl, Orris C.},
  title     = {Concentration in the U.S. Steel Industry},
  year      = {1950},
  school    = {Columbia University},
  note      = {Applied the squared-sum formula to market concentration analysis, laying the foundation for modern industrial economics.},
}